%YAML 1.1
%TAG !u! tag:unity3d.com,2011:
--- !u!1001 &100100000
Prefab:
  m_ObjectHideFlags: 1
  serializedVersion: 2
  m_Modification:
    m_TransformParent: {fileID: 0}
    m_Modifications: []
    m_RemovedComponents: []
  m_ParentPrefab: {fileID: 0}
  m_RootGameObject: {fileID: 1545797286715240}
  m_IsPrefabParent: 1
--- !u!1 &1446886560541548
GameObject:
  m_ObjectHideFlags: 0
  m_PrefabParentObject: {fileID: 0}
  m_PrefabInternal: {fileID: 100100000}
  serializedVersion: 5
  m_Component:
  - component: {fileID: 4865252559378894}
  - component: {fileID: 212435328554192736}
  m_Layer: 11
  m_Name: icon-radar
  m_TagString: Untagged
  m_Icon: {fileID: 0}
  m_NavMeshLayer: 0
  m_StaticEditorFlags: 0
  m_IsActive: 1
--- !u!1 &1545797286715240
GameObject:
  m_ObjectHideFlags: 0
  m_PrefabParentObject: {fileID: 0}
  m_PrefabInternal: {fileID: 100100000}
  serializedVersion: 5
  m_Component:
  - component: {fileID: 4760841858382582}
  - component: {fileID: 212188984565232740}
  - component: {fileID: 60236816362346540}
  m_Layer: 0
  m_Name: Asteroid
  m_TagString: Untagged
  m_Icon: {fileID: 0}
  m_NavMeshLayer: 0
  m_StaticEditorFlags: 0
  m_IsActive: 1
--- !u!4 &4760841858382582
Transform:
  m_ObjectHideFlags: 1
  m_PrefabParentObject: {fileID: 0}
  m_PrefabInternal: {fileID: 100100000}
  m_GameObject: {fileID: 1545797286715240}
  m_LocalRotation: {x: -0, y: -0, z: -0, w: 1}
  m_LocalPosition: {x: 19.301254, y: 23.86864, z: 0}
  m_LocalScale: {x: 1, y: 1, z: 1}
  m_Children:
  - {fileID: 4865252559378894}
  m_Father: {fileID: 0}
  m_RootOrder: 0
  m_LocalEulerAnglesHint: {x: 0, y: 0, z: 0}
--- !u!4 &4865252559378894
Transform:
  m_ObjectHideFlags: 1
  m_PrefabParentObject: {fileID: 0}
  m_PrefabInternal: {fileID: 100100000}
  m_GameObject: {fileID: 1446886560541548}
  m_LocalRotation: {x: 0, y: 0, z: 0, w: 1}
  m_LocalPosition: {x: 0, y: 0, z: 0}
  m_LocalScale: {x: 4, y: 4, z: 1}
  m_Children: []
  m_Father: {fileID: 4760841858382582}
  m_RootOrder: 0
  m_LocalEulerAnglesHint: {x: 0, y: 0, z: 0}
--- !u!60 &60236816362346540
PolygonCollider2D:
  m_ObjectHideFlags: 1
  m_PrefabParentObject: {fileID: 0}
  m_PrefabInternal: {fileID: 100100000}
  m_GameObject: {fileID: 1545797286715240}
  m_Enabled: 1
  m_Density: 1
  m_Material: {fileID: 0}
  m_IsTrigger: 0
  m_UsedByEffector: 0
  m_UsedByComposite: 0
  m_Offset: {x: 0, y: 0}
  m_SpriteTilingProperty:
    border: {x: 0, y: 0, z: 0, w: 0}
    pivot: {x: 0.5, y: 0.5}
    oldSize: {x: 4.2, y: 3.4}
    newSize: {x: 4.2, y: 3.4}
    adaptiveTilingThreshold: 0.5
    drawMode: 0
    adaptiveTiling: 0
  m_AutoTiling: 0
  m_Points:
    m_Paths:
    - - {x: 1.9, y: -1.22}
      - {x: 1.9799999, y: -1.17}
      - {x: 2.1, y: -1.0799999}
      - {x: 2.1, y: -0.90999997}
      - {x: 2.09, y: -0.84999996}
      - {x: 2.09, y: -0.78999996}
      - {x: 2.06, y: -0.55}
      - {x: 2.04, y: -0.44}
      - {x: 2.04, y: -0.38}
      - {x: 2.01, y: -0.28}
      - {x: 1.9, y: -0.07}
      - {x: 1.9, y: -0.04}
      - {x: 1.86, y: 0.06}
      - {x: 1.78, y: 0.24}
      - {x: 1.74, y: 0.31}
      - {x: 1.7099999, y: 0.39}
      - {x: 1.67, y: 0.48999998}
      - {x: 1.5899999, y: 0.66999996}
      - {x: 1.52, y: 0.82}
      - {x: 1.48, y: 0.90999997}
      - {x: 1.43, y: 0.96999997}
      - {x: 1.3399999, y: 0.97999996}
      - {x: 1.1999999, y: 0.98999995}
      - {x: 1.1, y: 0.98999995}
      - {x: 0.93, y: 0.97999996}
      - {x: 0.91999996, y: 0.98999995}
      - {x: 0.79999995, y: 0.98999995}
      - {x: 0.53999996, y: 1.25}
      - {x: 0.53999996, y: 1.27}
      - {x: 0.31, y: 1.5}
      - {x: 0.22, y: 1.51}
      - {x: -0.47, y: 1.51}
      - {x: -0.48, y: 1.52}
      - {x: -0.51, y: 1.54}
      - {x: -1.1999999, y: 1.6999999}
      - {x: -1.3, y: 1.6999999}
      - {x: -1.3399999, y: 1.66}
      - {x: -1.9699999, y: 0.95}
      - {x: -2.1, y: 0.81}
      - {x: -2.1, y: 0.74}
      - {x: -2.09, y: 0.71999997}
      - {x: -1.52, y: 0.29999998}
      - {x: -1.29, y: 0.14}
      - {x: -1.28, y: 0.02}
      - {x: -1.27, y: -0.04}
      - {x: -1.25, y: -0.17}
      - {x: -1.1899999, y: -0.55}
      - {x: -1.14, y: -0.87}
      - {x: -1.12, y: -0.96999997}
      - {x: -1.1, y: -0.98999995}
      - {x: -1.03, y: -1}
      - {x: -0.19, y: -1.06}
      - {x: -0.06, y: -1.0699999}
      - {x: 0.22, y: -1.09}
      - {x: 0.35, y: -1.09}
      - {x: 0.39999998, y: -1.14}
      - {x: 1.0699999, y: -1.6999999}
      - {x: 1.17, y: -1.6999999}
      - {x: 1.28, y: -1.63}
      - {x: 1.36, y: -1.5799999}
--- !u!212 &212188984565232740
SpriteRenderer:
  m_ObjectHideFlags: 1
  m_PrefabParentObject: {fileID: 0}
  m_PrefabInternal: {fileID: 100100000}
  m_GameObject: {fileID: 1545797286715240}
  m_Enabled: 1
  m_CastShadows: 0
  m_ReceiveShadows: 0
  m_DynamicOccludee: 1
  m_MotionVectors: 1
  m_LightProbeUsage: 1
  m_ReflectionProbeUsage: 1
  m_RenderingLayerMask: 4294967295
  m_Materials:
  - {fileID: 10754, guid: 0000000000000000f000000000000000, type: 0}
  m_StaticBatchInfo:
    firstSubMesh: 0
    subMeshCount: 0
  m_StaticBatchRoot: {fileID: 0}
  m_ProbeAnchor: {fileID: 0}
  m_LightProbeVolumeOverride: {fileID: 0}
  m_ScaleInLightmap: 1
  m_PreserveUVs: 0
  m_IgnoreNormalsForChartDetection: 0
  m_ImportantGI: 0
  m_StitchLightmapSeams: 0
  m_SelectedEditorRenderState: 0
  m_MinimumChartSize: 4
  m_AutoUVMaxDistance: 0.5
  m_AutoUVMaxAngle: 89
  m_LightmapParameters: {fileID: 0}
  m_SortingLayerID: 0
  m_SortingLayer: 0
  m_SortingOrder: 0
  m_Sprite: {fileID: 21300000, guid: dbb87145a06cef0418ccb33ec1617d56, type: 3}
  m_Color: {r: 1, g: 1, b: 1, a: 1}
  m_FlipX: 0
  m_FlipY: 0
  m_DrawMode: 0
  m_Size: {x: 4.2, y: 3.4}
  m_AdaptiveModeThreshold: 0.5
  m_SpriteTileMode: 0
  m_WasSpriteAssigned: 1
  m_MaskInteraction: 0
--- !u!212 &212435328554192736
SpriteRenderer:
  m_ObjectHideFlags: 1
  m_PrefabParentObject: {fileID: 0}
  m_PrefabInternal: {fileID: 100100000}
  m_GameObject: {fileID: 1446886560541548}
  m_Enabled: 1
  m_CastShadows: 0
  m_ReceiveShadows: 0
  m_DynamicOccludee: 1
  m_MotionVectors: 1
  m_LightProbeUsage: 1
  m_ReflectionProbeUsage: 1
  m_RenderingLayerMask: 4294967295
  m_Materials:
  - {fileID: 10754, guid: 0000000000000000f000000000000000, type: 0}
  m_StaticBatchInfo:
    firstSubMesh: 0
    subMeshCount: 0
  m_StaticBatchRoot: {fileID: 0}
  m_ProbeAnchor: {fileID: 0}
  m_LightProbeVolumeOverride: {fileID: 0}
  m_ScaleInLightmap: 1
  m_PreserveUVs: 0
  m_IgnoreNormalsForChartDetection: 0
  m_ImportantGI: 0
  m_StitchLightmapSeams: 0
  m_SelectedEditorRenderState: 0
  m_MinimumChartSize: 4
  m_AutoUVMaxDistance: 0.5
  m_AutoUVMaxAngle: 89
  m_LightmapParameters: {fileID: 0}
  m_SortingLayerID: 0
  m_SortingLayer: 0
  m_SortingOrder: 0
  m_Sprite: {fileID: 21300000, guid: 25cbf944b2bcf4045a5700a846aef806, type: 3}
  m_Color: {r: 1, g: 0.84334975, b: 0.15566039, a: 1}
  m_FlipX: 0
  m_FlipY: 0
  m_DrawMode: 0
  m_Size: {x: 1.47, y: 1.47}
  m_AdaptiveModeThreshold: 0.5
  m_SpriteTileMode: 0
  m_WasSpriteAssigned: 1
  m_MaskInteraction: 0
